
@mastersthesis{galler,
    author    = {J\"{u}rgen Galler},
    title     = "A modular Software Package for the Embedded Systems Engineering Board",
    school    = " Faculty of Informatics",
    type     = "Bachelor thesis",
    address  = "A-1040 Wien Karlsplatz 13 ",
    year      = "2011",
}

@article{Bart1,
    author    = {E. Bartocci and 
		D. Cacciagrano and 
		N. Cannata and
		F. Corradini and
		E. Merelli and
		L. Milanesi and
		P. Romano.},
    title     = "An Agent-based Multilayer Architecture for Bioinformatics Grids",
    journal   = "EEE transactions on Nanobioscience",
    volume   = "6(2)",
    pages    = "142-148",
    year      = "2007",
}

@proceedings{Bart2,
  editor    = {Flavio De Paoli and
               Antonella Di Stefano and
               Andrea Omicini and
               Corrado Santoro},
  title     = {Proceedings of the 7th WOA 2006 Workshop, From Objects to
               Agents (Dagli Oggetti Agli Agenti), Catania, Italy, September
               26-27, 2006},
  booktitle = {WOA},
  publisher = {CEUR-WS.org},
  series    = {CEUR Workshop Proceedings},
  volume    = {204},
  year      = {2006},
  bibsource = {DBLP, http://dblp.uni-trier.de}
}

@article{Picco,
  author    = {Paolo Romano and
               Ezio Bartocci and
               Guglielmo Bertolini and
               Flavio De Paoli and
               Domenico Marra and
               Giancarlo Mauri and
               Emanuela Merelli and
               Luciano Milanesi},
  title     = {Biowep: a workflow enactment portal for bioinformatics applications},
  journal   = {BMC Bioinformatics},
  volume    = {8},
  number    = {S-1},
  year      = {2007},
  ee        = {http://dx.doi.org/10.1186/1471-2105-8-S1-S19},
  bibsource = {DBLP, http://dblp.uni-trier.de}
}
@article{10.1109/32.685258,
author = {Alfonso Fuggetta and Gian Pietro Picco and Giovanni Vigna},
title = {Understanding Code Mobility},
journal ={IEEE Transactions on Software Engineering},
volume = {24},
issn = {0098-5589},
year = {1998},
pages = {342-361},
doi = {http://doi.ieeecomputersociety.org/10.1109/32.685258},
publisher = {IEEE Computer Society},
address = {Los Alamitos, CA, USA},
}
