@article{10.1109/32.685258,
author = {Alfonso Fuggetta and Gian Pietro Picco and Giovanni Vigna},
title = {Understanding Code Mobility},
journal ={IEEE Transactions on Software Engineering},
volume = {24},
issn = {0098-5589},
year = {1998},
pages = {342-361},
doi = {http://doi.ieeecomputersociety.org/10.1109/32.685258},
publisher = {IEEE Computer Society},
address = {Los Alamitos, CA, USA},
}

@article{BartocciCMV06,
  author    = {Ezio Bartocci and
               Flavio Corradini and
               Emanuela Merelli and
               Leonardo Vito},
  title     = {Model driven design and implementation of activity-based
               applications in Hermes},
 journal     = {Proceedings of the 7th WOA 2006 Workshop, From Objects to
               Agents (Dagli Oggetti Agli Agenti), Catania, Italy, September
               26-27, 2006},
  booktitle = {WOA},
  publisher = {CEUR-WS.org},
  year      = {2006},
}
